@article{efron1975efficiency,
  title={The efficiency of logistic regression compared to normal discriminant analysis},
  author={Efron, Bradley},
  journal={Journal of the American Statistical Association},
  volume={70},
  number={352},
  pages={892--898},
  year={1975},
  publisher={Taylor \& Francis}
}