@inproceedings{DBLP:conf/cvpr/SzegedyVISW16,
  author    = {Christian Szegedy and
               Vincent Vanhoucke and
               Sergey Ioffe and
               Jonathon Shlens and
               Zbigniew Wojna},
  title     = {Rethinking the Inception Architecture for Computer Vision},
  booktitle = {2016 {IEEE} Conference on Computer Vision and Pattern Recognition,
               {CVPR} 2016, Las Vegas, NV, USA, June 27-30, 2016},
  pages     = {2818--2826},
  publisher = {{IEEE} Computer Society},
  year      = {2016},
  url       = {https://doi.org/10.1109/CVPR.2016.308},
  doi       = {10.1109/CVPR.2016.308},
  timestamp = {Sun, 25 Oct 2020 23:02:11 +0100},
  biburl    = {https://dblp.org/rec/conf/cvpr/SzegedyVISW16.bib},
  bibsource = {dblp computer science bibliography, https://dblp.org}
}