@article{DBLP:journals/jmlr/BengioDVJ03,
  author    = {Yoshua Bengio and
               R{\'{e}}jean Ducharme and
               Pascal Vincent and
               Christian Janvin},
  title     = {A Neural Probabilistic Language Model},
  journal   = {J. Mach. Learn. Res.},
  volume    = {3},
  pages     = {1137--1155},
  year      = {2003},
  url       = {http://jmlr.org/papers/v3/bengio03a.html},
  timestamp = {Wed, 10 Jul 2019 15:28:33 +0200},
  biburl    = {https://dblp.org/rec/journals/jmlr/BengioDVJ03.bib},
  bibsource = {dblp computer science bibliography, https://dblp.org}
}

@article{DBLP:journals/neco/Hinton02,
  author    = {Geoffrey E. Hinton},
  title     = {Training Products of Experts by Minimizing Contrastive Divergence},
  journal   = {Neural Comput.},
  volume    = {14},
  number    = {8},
  pages     = {1771--1800},
  year      = {2002},
  url       = {https://doi.org/10.1162/089976602760128018},
  doi       = {10.1162/089976602760128018},
  timestamp = {Tue, 01 Sep 2020 13:11:46 +0200},
  biburl    = {https://dblp.org/rec/journals/neco/Hinton02.bib},
  bibsource = {dblp computer science bibliography, https://dblp.org}
}

@article{DBLP:journals/jmlr/Hyvarinen05,
  author    = {Aapo Hyv{\"{a}}rinen},
  title     = {Estimation of Non-Normalized Statistical Models by Score Matching},
  journal   = {J. Mach. Learn. Res.},
  volume    = {6},
  pages     = {695--709},
  year      = {2005},
  url       = {http://jmlr.org/papers/v6/hyvarinen05a.html},
  timestamp = {Wed, 10 Jul 2019 15:28:00 +0200},
  biburl    = {https://dblp.org/rec/journals/jmlr/Hyvarinen05.bib},
  bibsource = {dblp computer science bibliography, https://dblp.org}
}

@article{DBLP:journals/jmlr/GutmannH12,
  author    = {Michael Gutmann and
               Aapo Hyv{\"{a}}rinen},
  title     = {Noise-Contrastive Estimation of Unnormalized Statistical Models, with
               Applications to Natural Image Statistics},
  journal   = {J. Mach. Learn. Res.},
  volume    = {13},
  pages     = {307--361},
  year      = {2012},
  url       = {http://dl.acm.org/citation.cfm?id=2188396},
  timestamp = {Wed, 10 Jul 2019 15:27:55 +0200},
  biburl    = {https://dblp.org/rec/journals/jmlr/GutmannH12.bib},
  bibsource = {dblp computer science bibliography, https://dblp.org}
}

@article{DBLP:journals/corr/abs-1807-03748,
  author    = {A{\"{a}}ron van den Oord and
               Yazhe Li and
               Oriol Vinyals},
  title     = {Representation Learning with Contrastive Predictive Coding},
  journal   = {CoRR},
  volume    = {abs/1807.03748},
  year      = {2018},
  url       = {http://arxiv.org/abs/1807.03748},
  archivePrefix = {arXiv},
  eprint    = {1807.03748},
  timestamp = {Mon, 13 Aug 2018 16:48:25 +0200},
  biburl    = {https://dblp.org/rec/journals/corr/abs-1807-03748.bib},
  bibsource = {dblp computer science bibliography, https://dblp.org}
}